<record><leader>00000cas a22000007a 4500</leader><controlfield tag="001">17358928</controlfield><controlfield tag="008">880119d19181953ohudn ne      0    0eng d</controlfield><datafield ind1=" " ind2=" " tag="010"><subfield code="a">sn 88077037 </subfield></datafield><datafield ind1=" " ind2=" " tag="040"><subfield code="a">ONP</subfield><subfield code="b">eng</subfield><subfield code="c">ONP</subfield><subfield code="d">OCLCQ</subfield></datafield><datafield ind1=" " ind2=" " tag="042"><subfield code="a">msc</subfield></datafield><datafield ind1="0" ind2=" " tag="130"><subfield code="a">Evening gazette (Xenia, Ohio)</subfield></datafield><datafield ind1="1" ind2="4" tag="245"><subfield code="a">The Evening gazette.</subfield></datafield><datafield ind1=" " ind2=" " tag="260"><subfield code="a">Xenia, Ohio :</subfield><subfield code="b">Chew Pub. Co.,</subfield><subfield code="c">1918-1953.</subfield></datafield><datafield ind1=" " ind2=" " tag="310"><subfield code="a">Daily (except Sun.)</subfield></datafield><datafield ind1="0" ind2=" " tag="362"><subfield code="a">Mar. 19, 1918-v. 72, no. 137 (June 9, 1953).</subfield></datafield><datafield ind1=" " ind2=" " tag="580"><subfield code="a">Semiweekly edition: Xenia gazette (Xenia, Ohio : 1902).</subfield></datafield><datafield ind1=" " ind2=" " tag="752"><subfield code="a">United States</subfield><subfield code="b">Ohio</subfield><subfield code="c">Greene</subfield><subfield code="d">Xenia.</subfield></datafield><datafield ind1="1" ind2=" " tag="775"><subfield code="t">Xenia gazette (Xenia, Ohio : 1902)</subfield><subfield code="w">(DLC)sn 88077036</subfield></datafield><datafield ind1="0" ind2="0" tag="780"><subfield code="t">Xenia daily gazette (Xenia, Ohio : 1902)</subfield><subfield code="w">(DLC)sn 85038245</subfield></datafield><datafield ind1="0" ind2="0" tag="785"><subfield code="t">Xenia daily gazette (Xenia, Ohio : 1953)</subfield><subfield code="w">(DLC)sn 87060143</subfield></datafield></record>